<?xml version="1.0" encoding="UTF-8"?><collection xmlns="http://www.loc.gov/MARC21/slim"><record><leader>00424nam--2200181-i-4500</leader><controlfield tag="001">000030061</controlfield><controlfield tag="002">20161230</controlfield><controlfield tag="005">20161230201038</controlfield><controlfield tag="008">060222s1000------------r-----000-0-rus-d</controlfield><datafield ind1=" " ind2=" " tag="040"><subfield code="a">IFIN-HH</subfield></datafield><datafield ind1=" " ind2=" " tag="041"><subfield code="a">rus</subfield></datafield><datafield ind1=" " ind2=" " tag="080"><subfield code="a">535.315+535.8</subfield></datafield><datafield ind1="1" ind2=" " tag="100"><subfield code="a">Rusinov, M.M</subfield></datafield><datafield ind1="1" ind2="0" tag="245"><subfield code="a">Tehniceskaia optika</subfield><subfield code="c">M.M. Rusinov</subfield></datafield><datafield ind1=" " ind2=" " tag="260"><subfield code="a">Moskva</subfield><subfield code="b">Nauka</subfield><subfield code="c">1961</subfield></datafield><datafield ind1=" " ind2=" " tag="300"><subfield code="a">328 p</subfield></datafield><datafield ind1=" " ind2=" " tag="852"><subfield code="a">1048</subfield><subfield code="c">535</subfield></datafield><datafield ind1=" " ind2=" " tag="CAT"><subfield code="a">Sys</subfield><subfield code="c">20101014</subfield><subfield code="h">143952</subfield></datafield></record></collection>